[gd_scene load_steps=4 format=2]

[ext_resource path="res://Canvas.gd" type="Script" id=1]
[ext_resource path="res://CanvasModule.gd" type="Script" id=2]

[sub_resource type="StyleBoxFlat" id=1]
bg_color = Color( 0.913725, 0.768627, 0.415686, 1 )
border_width_left = 3
border_width_top = 3
border_width_right = 3
border_width_bottom = 3
border_color = Color( 0.14902, 0.27451, 0.32549, 1 )

[node name="World" type="Node"]

[node name="ColorRect" type="ColorRect" parent="."]
anchor_right = 1.0
anchor_bottom = 1.0
color = Color( 0.486275, 0.823529, 0.784314, 1 )
__meta__ = {
"_edit_use_anchors_": false
}

[node name="HBoxContainer" type="HBoxContainer" parent="."]
anchor_right = 1.0
anchor_bottom = 1.0
__meta__ = {
"_edit_use_anchors_": false
}

[node name="CanvasModule" type="Control" parent="."]
anchor_right = 1.0
anchor_bottom = 1.0
margin_left = 48.0
margin_top = 41.0
margin_right = -53.0
margin_bottom = -71.0
script = ExtResource( 2 )
__meta__ = {
"_edit_use_anchors_": false
}

[node name="HBoxContainer" type="HBoxContainer" parent="CanvasModule"]
anchor_right = 1.0
anchor_bottom = 1.0
__meta__ = {
"_edit_use_anchors_": false
}

[node name="yAxis" type="Control" parent="CanvasModule/HBoxContainer"]
margin_right = 40.0
margin_bottom = 488.0
rect_min_size = Vector2( 40, 0 )

[node name="yLabel" type="Label" parent="CanvasModule/HBoxContainer/yAxis"]
custom_colors/font_color = Color( 0, 0, 0, 1 )
text = "0"
align = 1
valign = 1
__meta__ = {
"_edit_use_anchors_": false
}

[node name="VBoxContainer" type="VBoxContainer" parent="CanvasModule/HBoxContainer"]
margin_left = 44.0
margin_right = 923.0
margin_bottom = 488.0
size_flags_horizontal = 3
size_flags_vertical = 3

[node name="Canvas" type="Panel" parent="CanvasModule/HBoxContainer/VBoxContainer"]
margin_right = 879.0
margin_bottom = 444.0
size_flags_horizontal = 3
size_flags_vertical = 3
custom_styles/panel = SubResource( 1 )
script = ExtResource( 1 )
__meta__ = {
"_edit_use_anchors_": false
}

[node name="xAxis" type="Control" parent="CanvasModule/HBoxContainer/VBoxContainer"]
margin_top = 448.0
margin_right = 879.0
margin_bottom = 488.0
rect_min_size = Vector2( 0, 40 )

[node name="xLabel" type="Label" parent="CanvasModule/HBoxContainer/VBoxContainer/xAxis"]
custom_colors/font_color = Color( 0, 0, 0, 1 )
text = "0"
align = 1
valign = 1
__meta__ = {
"_edit_use_anchors_": false
}
[connection signal="gui_input" from="CanvasModule/HBoxContainer/VBoxContainer/Canvas" to="CanvasModule" method="_on_Canvas_gui_input"]
